@misc{BITRE2023,
    author       = {BITRE},
    year         = {2023},
    title        = {Australian Infrastructure and Transport Statistics Yearbook 2023: Transport Energy Environment},
    publisher    = {BITRE},
    howpublished = {\url{https://www.bitre.gov.au/publications/2023/australian-infrastructure-and-transport-statistics-yearbook-2023/transport-energy-environment}},
    note         = {Viewed 6 October 2024}
}

@InProceedings{Hapuwatte2017,
  author    = {B. M. Hapuwatte and F. Badurdeen and I. S. Jawahir},
  title     = {Metrics-based Integrated Predictive Performance Models for Optimized Sustainable Product Design},
  booktitle = {Sustainable Design and Manufacturing 2017},
  editor    = {G. Campana and R. Howlett and R. Setchi and B. Cimatti},
  series    = {Smart Innovation, Systems and Technologies},
  volume    = {68},
  pages     = {801--811},
  year      = {2017},
  publisher = {Springer, Cham},
  doi       = {10.1007/978-3-319-57078-5_79},
  url       = {https://doi.org/10.1007/978-3-319-57078-5_79}
}


